@inproceedings{multiaspect,
author = {Lu, Bin and Ott, Myle and Cardie, Claire and Tsou, Benjamin K.},
title = {Multi-Aspect Sentiment Analysis with Topic Models},
year = {2011},
isbn = {9780769544090},
publisher = {IEEE Computer Society},
address = {USA},
booktitle = {Proceedings of the 2011 IEEE 11th International Conference on Data Mining Workshops},
pages = {81–88},
numpages = {8},
keywords = {topic modeling, multi-aspect sentiment analysis},
series = {ICDMW ’11}
}
@article{textmining,
author = {Tan, Ah-Hwee and Ridge, Kent and Labs, Digital and Terrace, Heng},
year = {2000},
month = {11},
pages = {},
title = {Text Mining: The state of the art and the challenges}
}

@inproceedings{ucidata,
author = {Kotzias, Dimitrios and Denil, Misha and de Freitas, Nando and Smyth, Padhraic},
title = {From Group to Individual Labels Using Deep Features},
year = {2015},
isbn = {9781450336642},
publisher = {Association for Computing Machinery},
address = {New York, NY, USA},
url = {https://doi.org/10.1145/2783258.2783380},
doi = {10.1145/2783258.2783380},
booktitle = {Proceedings of the 21th ACM SIGKDD International Conference on Knowledge Discovery and Data Mining},
pages = {597–606},
numpages = {10},
keywords = {unsupervised learning, multi-instance learning, deep learning, sentiment analysis},
location = {Sydney, NSW, Australia},
series = {KDD ’15}
}
@inproceedings{glove,
  author = {Jeffrey Pennington and Richard Socher and Christopher D. Manning},
  booktitle = {Empirical Methods in Natural Language Processing (EMNLP)},
  title = {GloVe: Global Vectors for Word Representation},
  year = {2014},
  pages = {1532--1543},
  url = {http://www.aclweb.org/anthology/D14-1162},
}

@article{scikit-learn,
 title={Scikit-learn: Machine Learning in {P}ython},
 author={Pedregosa, F. and Varoquaux, G. and Gramfort, A. and Michel, V.
         and Thirion, B. and Grisel, O. and Blondel, M. and Prettenhofer, P.
         and Weiss, R. and Dubourg, V. and Vanderplas, J. and Passos, A. and
         Cournapeau, D. and Brucher, M. and Perrot, M. and Duchesnay, E.},
 journal={Journal of Machine Learning Research},
 volume={12},
 pages={2825--2830},
 year={2011}
}

@book{manningshutze,
author = {Manning, Christopher D. and Sch\"{u}tze, Hinrich},
title = {Foundations of Statistical Natural Language Processing},
year = {1999},
isbn = {0262133601},
publisher = {MIT Press},
address = {Cambridge, MA, USA}
}

@inproceedings{TextRank,
  added-at = {2010-03-05T20:13:35.000+0100},
  author = {Mihalcea, R. and Tarau, P.},
  biburl = {https://www.bibsonomy.org/bibtex/20d96cef99428b30c4a5ac67241b34e45/lee_peck},
  booktitle = {Proceedings of {EMNLP-04}and the 2004 Conference on Empirical Methods 	in Natural Language Processing},
  interhash = {96f84312a3d752053ca89636151aab51},
  intrahash = {0d96cef99428b30c4a5ac67241b34e45},
  keywords = {04 Mihalcea TextRank extraction graph keyword text},
  location = {Barcelonaand Spain},
  month = {July},
  timestamp = {2010-03-05T20:13:35.000+0100},
  title = {{TextRank}: Bringing Order into Texts},
  year = 2004
}

@article{Levenshtein,
  abstract = {Seems to be the first person to define what became  known as the (simple) edit-distance and show it to be a  metric. Paper mostly about constructing optimal codes  to transmit such corrections.},
  added-at = {2009-09-11T19:06:23.000+0200},
  author = {Levenshtein, Vladimir Iosifovich},
  biburl = {https://www.bibsonomy.org/bibtex/220546d80ce76f58c6ef6ece9dd5f5056/jimregan},
  interhash = {55f7ad93fcb9ae3ed999afaa6e24937d},
  intrahash = {20546d80ce76f58c6ef6ece9dd5f5056},
  journal = {Soviet Physics Doklady},
  keywords = {edit-distance},
  month = {February},
  note = {Doklady Akademii Nauk SSSR, V163 No4 845-848 1965},
  number = 8,
  pages = {707--710},
  timestamp = {2009-09-11T19:06:23.000+0200},
  title = {Binary codes capable of correcting deletions, insertions and reversals.},
  volume = 10,
  year = 1966
}



@inbook{rake,
author = {Rose, Stuart and Engel, Dave and Cramer, Nick and Cowley, Wendy},
year = {2010},
month = {03},
pages = {1 - 20},
title = {Automatic Keyword Extraction from Individual Documents},
isbn = {9780470689646},
journal = {Text Mining: Applications and Theory},
doi = {10.1002/9780470689646.ch1}
}

@inproceedings{yake,
author = {Campos, Ricardo and Mangaravite, Vítor and Pasquali, Arian and Jorge, Alípio and Nunes, Célia and Jatowt, Adam},
year = {2018},
month = {02},
pages = {},
title = {A Text Feature Based Automatic Keyword Extraction Method for Single Documents},
doi = {10.1007/978-3-319-76941-7_63}
}

@article{stateofartchallenge,
author = {Tan, Ah-Hwee and Ridge, Kent and Labs, Digital and Terrace, Heng},
year = {2000},
month = {11},
pages = {},
title = {Text Mining: The state of the art and the challenges}
}

@article{TF-IDF,
author = {Ramos, Juan},
year = {2003},
month = {01},
pages = {},
title = {Using TF-IDF to determine word relevance in document queries}
}